<record><leader>00000cas a22000007a 4500</leader><controlfield tag="001">10902050</controlfield><controlfield tag="008">840629d1914191umtuwr ne      0    0eng d</controlfield><datafield ind1=" " ind2=" " tag="010"><subfield code="a">sn 84036108 </subfield></datafield><datafield ind1=" " ind2=" " tag="040"><subfield code="a">MTL</subfield><subfield code="b">eng</subfield><subfield code="c">MTL</subfield><subfield code="d">OCLCQ</subfield></datafield><datafield ind1=" " ind2=" " tag="042"><subfield code="a">msc</subfield></datafield><datafield ind1="0" ind2="4" tag="245"><subfield code="a">The Big Sandy sentinel.</subfield></datafield><datafield ind1=" " ind2=" " tag="260"><subfield code="a">Big Sandy, Mont. :</subfield><subfield code="b">D.F. Swenson</subfield></datafield><datafield ind1=" " ind2=" " tag="300"><subfield code="a">v. :</subfield><subfield code="b">ill.</subfield></datafield><datafield ind1=" " ind2=" " tag="310"><subfield code="a">Weekly</subfield></datafield><datafield ind1="1" ind2=" " tag="362"><subfield code="a">Began in June 1914.</subfield><subfield code="z">Cf. River press (Fort Benton, Mont.), June 24, 1914.</subfield></datafield><datafield ind1=" " ind2=" " tag="500"><subfield code="a">Last issue located: Vol. 5, no. 15 (Sept. 22, 1916).</subfield></datafield><datafield ind1=" " ind2=" " tag="500"><subfield code="a">"Democratic." Cf. Montana newspaper directory, 1915.</subfield></datafield><datafield ind1=" " ind2=" " tag="500"><subfield code="a">One column in German: Vom schauplatze des europaischen volterkrieges.</subfield></datafield><datafield ind1=" " ind2=" " tag="588"><subfield code="a">Description based on: Vol. 4, no. 15 (Sept. 24, 1915).</subfield></datafield><datafield ind1=" " ind2=" " tag="752"><subfield code="a">United States</subfield><subfield code="b">Montana</subfield><subfield code="c">Chouteau</subfield><subfield code="d">Big Sandy.</subfield></datafield><datafield ind1="1" ind2=" " tag="029"><subfield code="a">AU@</subfield><subfield code="b">000025809327</subfield></datafield></record>